@online{DexterNotes,
    author = {Dexter Chua},
    title = {Part IB -Fluid Dynamics},
    year = {2016},
    url = {https://dec41.user.srcf.net/notes/IB_L/fluid_dynamics.pdf},
    accessed = {2024.02.14}
}
@online{Gonkee,
    author = {Gonkee},
    title = {Chaos Theory: The language of (in)stability},
    year = {2021},
    url = {https://www.youtube.com/watch?v=uzJXeluCKMs},
    accessed = {2024.04.21}
}
@online{NACADlabs,
    author = {NACADlabs},
    title = {3D Rayleigh--Benard convection},
    year = {2012},
    url = {https://www.youtube.com/watch?v=kJnE12dJ9ic},
    accessed = {2024.04.21}    
}
@article{ECMWF,
  keywords = {NWP, lecture notes},
  author = {Roberto Buizza},
  title = {Chaos and Weather Prediction},
  abstract = {<div> The weather is a chaotic system. Small errors in the initial conditions of a forecast grow rapidly, and affect predictability. Furthermore, predictability is limited by model errors due to the approximate simulation of atmospheric processes of the stateof- the-art numerical models.</div>},
  year = {2002},
  journal = {Meteorological Training Course Lecture Series},
  publisher = {ECMWF},
  language = {eng}
}
@article{Lorenz,
    author = {Edward N. Lorenz},
    year = {1963},
    publisher = {Massachusetts Institute of Technology},
    volume = {20}
}